<?xml version="1.0" encoding="UTF-8"?><collection xmlns="http://www.loc.gov/MARC21/slim"><record><leader>00676nam--2200181-i-4500</leader><controlfield tag="001">000014316</controlfield><controlfield tag="002">20161230</controlfield><controlfield tag="005">20161230201030</controlfield><controlfield tag="008">060222s1000------------r-----000-0-fre-d</controlfield><datafield ind1=" " ind2=" " tag="040"><subfield code="a">IFIN-HH</subfield></datafield><datafield ind1=" " ind2=" " tag="041"><subfield code="a">fre</subfield></datafield><datafield ind1=" " ind2=" " tag="080"><subfield code="a">015:537.534.2</subfield></datafield><datafield ind1="1" ind2=" " tag="100"><subfield code="a">Chantreau, Jean</subfield></datafield><datafield ind1="0" ind2=" " tag="245"><subfield code="a">Etude theorique et experimentale d une source d ions de type nier fonctionnant sans champ ma gnetique auxiliaire.determination du rendement de transmission de sonoptique ionique et contr ribution au probleme de la discrimination des ions</subfield><subfield code="b">These</subfield><subfield code="c">Jean chantreau</subfield></datafield><datafield ind1=" " ind2=" " tag="260"><subfield code="a">Poitiers</subfield><subfield code="b">Faculte Des Sciences</subfield><subfield code="c">1970</subfield></datafield><datafield ind1=" " ind2=" " tag="300"><subfield code="a">143 P</subfield></datafield><datafield ind1=" " ind2=" " tag="852"><subfield code="a">38147</subfield><subfield code="c">537:538</subfield></datafield><datafield ind1=" " ind2=" " tag="CAT"><subfield code="a">Sys</subfield><subfield code="c">20110620</subfield><subfield code="h">094700</subfield></datafield></record></collection>